
latex makebst 
erzeugt mit 100000 fragen ein bibtex stylefile

@article{OPERA,
title = "Observation of a first candidate event in the OPERA experiment in the CNGS beam",
journal = "Physics Letters B",
volume = "691",
number = "3",
pages = "138 - 145",
year = "2010",
note = "",
issn = "0370-2693",
doi = "10.1016/j.physletb.2010.06.022",
url = "http://www.sciencedirect.com/science/article/pii/S0370269310007537",
author = "N. Agafonova and A. Aleksandrov and O. Altinok and M. Ambrosio and A. Anokhina and S. Aoki and A. Ariga and T. Ariga and D. Autiero and A. Badertscher and A. Bagulya and A. Bendhabi and A. Bertolin and M. Besnier and D. Bick and V. Boyarkin and C. Bozza and T. Brugi√®re and R. Brugnera and F. Brunet and G. Brunetti and S. Buontempo and A. Cazes and L. Chaussard and M. Chernyavsky and V. Chiarella and N. Chon-Sen and A. Chukanov and R. Ciesielski and F.Dal Corso and N. D'Ambrosio and Y. Declais and P. del Amo Sanchez and G. De Lellis and M. De Serio and F. Di Capua and A. Di Crescenzo and D. Di Ferdinando and N. Di Marco and A. Di Giovanni and S. Dmitrievsky and M. Dracos and D. Duchesneau and S. Dusini and T. Dzhatdoev and J. Ebert and O. Egorov and R. Enikeev and A. Ereditato and L.S. Esposito and J. Favier and T. Ferber and R.A. Fini and D. Frekers and T. Fukuda and V. Galkin and A. Garfagnini and G. Giacomelli and M. Giorgini and J. Goldberg and C. G\"ollnitz and D. Golubkov and L. Goncharova and Y. Gornushkin and G. Grella and F. Grianti and A.M. Guler and C. Gustavino and C. Hagner and K. Hamada and T. Hara and M. Hierholzer and K. Hoshino and M. Ieva and H. Ishida and K. Ishiguro and K. Jakovcic and C. Jollet and F. Juget and M. Kamiscioglu and J. Kawada and M. Kazuyama and S.H. Kim and M. Kimura and N. Kitagawa and B. Klicek and J. Knuesel and K. Kodama and M. Komatsu and U. Kose and I. Kreslo and H. Kubota and C. Lazzaro and J. Lenkeit and I. Lippi and A. Ljubicic and A. Longhin and G. Lutter and A. Malgin and G. Mandrioli and K. Mannai and A. Marotta and J. Marteau and T. Matsuo and V. Matveev and N. Mauri and E. Medinaceli and F. Meisel and A. Meregaglia and P. Migliozzi and S. Mikado and S. Miyamoto and P. Monacelli and K. Morishima and U. Moser and M.T. Muciaccia and N. Naganawa and T. Naka and M. Nakamura and T. Nakano and Y. Nakatsuka and D. Naumov and V. Nikitina and K. Niwa and Y. Nonoyama and S. Ogawa and A. Olchevsky and T. Omura and G. Orlova and V. Osedlo and M. Paniccia and A. Paoloni and B.D. Park and I.G. Park and A. Pastore and L. Patrizii and E. Pennacchio and H. Pessard and V. Pilipenko and C. Pistillo and N. Polukhina and M. Pozzato and K. Pretzl and P. Publichenko and F. Pupilli and J.P. Repellin and R. Rescigno and T. Roganova and H. Rokujo and G. Romano and G. Rosa and I. Rostovtseva and A. Rubbia and A. Russo and V. Ryasny and O. Ryazhskaya and Y. Sakatani and O. Sato and Y. Sato and A. Schembri and W. Schmidt-Parzefall and H. Schroeder and L. Scotto Lavina and A. Sheshukov and H. Shibuya and S. Simone and M. Sioli and C. Sirignano and G. Sirri and J.S. Song and M. Spinetti and L. Stanco and N. Starkov and M. Stipcevic and T. Strauss and P. Strolin and K. Suzuki and S. Takahashi and M. Tenti and F. Terranova and I. Tezuka and V. Tioukov and P. Tolun and A. Trabelsi and T. Tran and S. Tufanli and P. Vilain and M. Vladimirov and L. Votano and J.-L. Vuilleumier and G. Wilquet and B. Wonsak and V. Yakushev and C.S. Yoon and J. Yoshida and T. Yoshioka and Y. Zaitsev and S. Zemskova and A. Zghiche and R. Zimmermann",
}


@article{MINOS,
  month = {Sep},
  title = {Measurement of Neutrino Oscillations with the MINOS Detectors in the NuMI Beam},
  publisher = {American Physical Society},
  author = {Adamson, P. and Andreopoulos, C. and Arms, K. E. and Armstrong, R. and Auty, D. J. and Ayres, D. S. and Baller, B. and Barnes, P. D. and Barr, G. and Barrett, W. L. and Becker, B. R. and Belias, A. and Bernstein, R. H. and Bhattacharya, D. and Bishai, M. and Blake, A. and Bock, G. J. and Boehm, J. and Boehnlein, D. J. and Bogert, D. and Bower, C. and Buckley-Geer, E. and Cavanaugh, S. and Chapman, J. D. and Cherdack, D. and Childress, S. and Choudhary, B. C. and Cobb, J. H. and Coleman, S. J. and Culling, A. J. and de Jong, J. K. and Dierckxsens, M. and Diwan, M. V. and Dorman, M. and Dytman, S. A. and Escobar, C. O. and Evans, J. J. and Falk Harris, E. and Feldman, G. J. and Frohne, M. V. and Gallagher, H. R. and Godley, A. and Goodman, M. C. and Gouffon, P. and Gran, R. and Grashorn, E. W. and Grossman, N. and Grzelak, K. and Habig, A. and Harris, D. and Harris, P. G. and Hartnell, J. and Hatcher, R. and Heller, K. and Himmel, A. and Holin, A. and Hylen, J. and Irwin, G. M. and Ishitsuka, M. and Jaffe, D. E. and James, C. and Jensen, D. and Kafka, T. and Kasahara, S. M. S. and Kim, J. J. and Kim, M. S. and Koizumi, G. and Kopp, S. and Kordosky, M. and Koskinen, D. J. and Kotelnikov, S. K. and Kreymer, A. and Kumaratunga, S. and Lang, K. and Ling, J. and Litchfield, P. J. and Litchfield, R. P. and Loiacono, L. and Lucas, P. and Ma, J. and Mann, W. A. and Marchionni, A. and Marshak, M. L. and Marshall, J. S. and Mayer, N. and McGowan, A. M. and Meier, J. R. and Merzon, G. I. and Messier, M. D. and Metelko, C. J. and Michael, D. G. and Miller, J. L. and Miller, W. H. and Mishra, S. R. and Moore, C. D. and Morf\'\in, J. and Mualem, L. and Mufson, S. and Murgia, S. and Musser, J. and Naples, D. and Nelson, J. K. and Newman, H. B. and Nichol, R. J. and Nicholls, T. C. and Ochoa-Ricoux, J. P. and Oliver, W. P. and Ospanov, R. and Paley, J. and Paolone, V. and Para, A. and Patzak, T. and Pavlovi\ifmmode \acute{c}\else \'{c}\fi{}, \ifmmode \check{Z}\else \v{Z}\fi{}. and Pawloski, G. and Pearce, G. F. and Peck, C. W. and Peterson, E. A. and Petyt, D. A. and Pittam, R. and Plunkett, R. K. and Rahaman, A. and Rameika, R. A. and Raufer, T. M. and Rebel, B. and Reichenbacher, J. and Rodrigues, P. A. and Rosenfeld, C. and Rubin, H. A. and Ruddick, K. and Ryabov, V. A. and Sanchez, M. C. and Saoulidou, N. and Schneps, J. and Schreiner, P. and Seun, S.-M. and Shanahan, P. and Smart, W. and Smith, C. and Sousa, A. and Speakman, B. and Stamoulis, P. and Strait, M. and Symes, P. and Tagg, N. and Talaga, R. L. and Tavera, M. A. and Thomas, J. and Thompson, J. and Thomson, M. A. and Thron, J. L. and Tinti, G. and Trostin, I. and Tsarev, V. A. and Tzanakos, G. and Urheim, J. and Vahle, P. and Viren, B. and Ward, C. P. and Ward, D. R. and Watabe, M. and Weber, A. and Webb, R. C. and Wehmann, A. and West, N. and White, C. and Wojcicki, S. G. and Wright, D. M. and Yang, T. and Zois, M. and Zhang, K. and Zwaska, R.},
  year = {2008},
  url = {http://link.aps.org/doi/10.1103/PhysRevLett.101.131802},
  pages = {131802},
  volume = {101},
  collaboration = {MINOS Collaboration},
  journal = {Phys. Rev. Lett.},
  numpages = {5},
  doi = {10.1103/PhysRevLett.101.131802},
  issue = {13}
}

@article{Hannestad10,
  author={Steen Hannestad and Alessandro Mirizzi and Georg G. Raffelt and Yvonne Y.Y. Wong},
  title={Neutrino and axion hot dark matter bounds after WMAP-7},
  journal={Journal of Cosmology and Astroparticle Physics},
  volume={2010},
  number={08},
  pages={001},
  url={http://stacks.iop.org/1475-7516/2010/i=08/a=001},
  year={2010},
}

@article{Wolfenstein,
  journal = {Phys. Rev. D},
  month = {May},
  url = {http://link.aps.org/doi/10.1103/PhysRevD.17.2369},
  publisher = {American Physical Society},
  author = {Wolfenstein, L.},
  title = {Neutrino oscillations in matter},
  year = {1978},
  pages = {2369--2374},
  volume = {17},
  doi = {10.1103/PhysRevD.17.2369},
  issue = {9}
}



 	
@article{MAC-E,
  author={G Beamson and H Q Porter and D W Turner},
  title={The collimating and magnifying properties of a superconducting field photoelectron spectrometer},
  journal={Journal of Physics E: Scientific Instruments},
  volume={13},
  number={1},
  pages={64},
  OPTurl={http://stacks.iop.org/0022-3735/13/i=1/a=018},
  year={1980}
}


@ARTICLE{Fermi34,
  author = {Fermi, E.},
  title = {Versuch einer Theorie der $\beta$-Strahlen.},
  journal = {Zeitschrift f. Phys. A},
  note={(1934)},
  OPTyear = {1934}
}




@ARTICLE{K2K,
  author = {Aliu, E. and Andringa, S. and Aoki, S. and Argyriades, J. and Asakura,
	K. and Ashie, R. and Berns, H. and Bhang, H. and Blondel, A. and
	Borghi, S. and Bouchez, J. and Burguet-Castell, J. and Casper, D.
	and Cavata, C. and Cervera, A. and Cho, K. O. and Choi, J. H. and
	Dore, U. and Espinal, X. and Fechner, M. and Fernandez, E. and Fukuda,
	Y. and Gomez-Cadenas, J. and Gran, R. and Hara, T. and Hasegawa,
	M. and Hasegawa, T. and Hayashi, K. and Hayato, Y. and Helmer, R.
	L. and Hill, J. and Hiraide, K. and Hosaka, J. and Ichikawa, A. K.
	and Iinuma, M. and Ikeda, A. and Inagaki, T. and Ishida, T. and Ishihara,
	K. and Ishii, T. and Ishitsuka, M. and Itow, Y. and Iwashita, T.
	and Jang, H. I. and Jeon, E. J. and Jeong, I. S. and Joo, K. and
	Jover, G. and Jung, C. K. and Kajita, T. and Kameda, J. and Kaneyuki,
	K. and Kato, I. and Kearns, E. and Kerr, D. and Kim, C. O. and Khabibullin,
	M. and Khotjantsev, A. and Kielczewska, D. and Kim, J. Y. and Kim,
	S. and Kitching, P. and Kobayashi, K. and Kobayashi, T. and Konaka,
	A. and Koshio, Y. and Kropp, W. and Kubota, J. and Kudenko, Yu. and
	Kuno, Y. and Kutter, T. and Learned, J. and Likhoded, S. and Lim,
	I. T. and Loverre, P. F. and Ludovici, L. and Maesaka, H. and Mallet,
	J. and Mariani, C. and Maruyama, T. and Matsuno, S. and Matveev,
	V. and Mauger, C. and McConnel, K. and McGrew, C. and Mikheyev, S.
	and Minamino, A. and Mine, S. and Mineev, O. and Mitsuda, C. and
	Miura, M. and Moriguchi, Y. and Morita, T. and Moriyama, S. and Nakadaira,
	T. and Nakahata, M. and Nakamura, K. and Nakano, I. and Nakaya, T.
	and Nakayama, S. and Namba, T. and Nambu, R. and Nawang, S. and Nishikawa,
	K. and Nitta, K. and Nova, F. and Novella, P. and Obayashi, Y. and
	Okada, A. and Okumura, K. and Oser, S. M. and Oyama, Y. and Pac,
	M. Y. and Pierre, F. and Rodriguez, A. and Saji, C. and Sakuda, M.
	and Sanchez, F. and Sarrat, A. and Sasaki, T. and Scholberg, K. and
	Schroeter, R. and Sekiguchi, M. and Sharkey, E. and Shiozawa, M.
	and Shiraishi, K. and Sitjes, G. and Smy, M. and Sobel, H. and Stone,
	J. and Sulak, L. and Suzuki, A. and Suzuki, Y. and Takahashi, T.
	and Takenaga, Y. and Takeuchi, Y. and Taki, K. and Takubo, Y. and
	Tamura, N. and Tanaka, M. and Terri, R. and T'Jampens, S. and Tornero-Lopez,
	A. and Totsuka, Y. and Ueda, S. and Vagins, M. and Walter, C. W.
	and Wang, W. and Wilkes, R. J. and Yamada, S. and Yamamoto, S. and
	Yanagisawa, C. and Yershov, N. and Yokoyama, H. and Yokoyama, M.
	and Yoo, J. and Yoshida, M. and Zalipska, J.},
  title = {Evidence for Muon Neutrino Oscillation in an Accelerator-Based Experiment},
  journal = {Phys. Rev. Lett.},
  year = {2005},
  volume = {94},
  pages = {081802},
  number = {8},
  month = {Mar},
  collaboration = {The K2K Collaboration},
  doi = {10.1103/PhysRevLett.94.081802},
  numpages = {5},
  publisher = {American Physical Society}
}




@Article{PAULI,
     author    = "Pauli, W.",
     title     = "{Dear radioactive ladies and gentlemen}",
     journal   = "Phys. Today",
     volume    = "31N9",
     year      = "1978",
     pages     = "27",
     SLACcitation  = "%%CITATION = PHTOA,31N9,27;%%"
}

@Article{COWANREINES,
     author    = "Cowan, C. L. and Reines, F. and Harrison, F. B. and Kruse,
                  H. W. and McGuire, A. D.",
     title     = "{Detection of the free neutrino: A Confirmation}",
     journal   = "Science",
     volume    = "124",
     year      = "1956",
     pages     = "103-104",
     doi       = "10.1126/science.124.3212.103",
     SLACcitation  = "%%CITATION = SCIEA,124,103;%%"
}

@Article{MUONNEUTRINO,
  title = {Observation of High-Energy Neutrino Reactions and the Existence of Two Kinds of Neutrinos},
  author = {Danby, G. and Gaillard, J-M. and Goulianos, K.  and Lederman, L. M. and Mistry, N.  and Schwartz, M.  and Steinberger, J. },
  journal = {Phys. Rev. Lett.},
  volume = {9},
  number = {1},
  pages = {36--44},
  numpages = {8},
  year = {1962},
  month = {Jul},
  doi = {10.1103/PhysRevLett.9.36},
  OPTpublisher = {American Physical Society},
  OPTnote={Phys. Rev. Lett. 9(1) 36--44 (1962). doi:10.1103/PhysRevLett.9.36} }
}



@Article{KATRIN_Design,
     author    = "Angrik, J. and others",
 collaboration = "KATRIN",
     title     = "{KATRIN design report}",
  year="{2004}",
     note     = "FZKA-7090 (2004)"
}


@Article{Hanna,
  title = {The $\beta$-Spectrum of $H^{3}$},
  author = {Hanna, G. C. and Pontecorvo, B. },
  journal = {Phys. Rev.},
  volume = {75},
  number = {6},
  pages = {983--984},
  numpages = {1},
  year = {1949},
  month = {Mar},
  doi = {10.1103/PhysRev.75.983.3},
  publisher = {American Physical Society}
}



@Article{Curran,
  title = {The Beta-Spectrum of Tritium},
  author = {Curran, S. C. and Angus, J.  and Cockroft, A. L.},
  journal = {Phys. Rev.},
  volume = {76},
  number = {6},
  pages = {853--854},
  numpages = {1},
  year = {1949},
  month = {Sep},
  doi = {10.1103/PhysRev.76.853},
  publisher = {American Physical Society}
}




@Article{MainzFinal,
  title = {Final results from phase II of the Mainz neutrino mass search in tritium $\beta$ decay},
  author = {Kraus, C. and others},
  journal = {European Physical Journal C},
  volume = {40},
  pages = {447},
  url = {doi:10.1140/epjc/s2005-02139-7},
  year = {2005},
  OPTnote =   {Eur. Phys. J. C40 (2005) 447}
}

@ARTICLE{Dav68,
  author = {Davis, Jr. , Raymond and Harmer, Don S. and Hoffman, Kenneth C.},
  title = {{Search for neutrinos from the sun}},
  journal = {Phys. Rev. Lett.},
  year = {1968},
  volume = {20},
  pages = {1205-1209},
  doi = {10.1103/PhysRevLett.20.1205},
  slaccitation = {%%CITATION = PRLTA,20,1205;%%}
}

@Article{Davis,
     author    = "Davis, R.",
     title     = "{A review of measurements of the solar neutrino flux and
                  their variation}",
     journal   = "Nucl. Phys. Proc. Suppl.",
     volume    = "48",
     year      = "1996",
     pages     = "284-298",
     doi       = "10.1016/0920-5632(96)00263-0",
     SLACcitation  = "%%CITATION = NUPHZ,48,284;%%"
}


@Article{PDG10,
     author    = "Nakamura, K and others",
 collaboration = "Particle Data Group",
     title     = "{Review of particle physics}",
     journal   = "J. Phys.",
     volume    = "G37",
     year      = "2010",
     pages     = "075021",
     doi       = "10.1088/0954-3899/37/7A/075021",
     SLACcitation  = "%%CITATION = JPHGB,G37,075021;%%"
}




@Article{Milano,
     author    = "Sisti, M. and others",
     title     = "{New limits from the Milano neutrino mass experiment with
                  thermal microcalorimeters}",
     journal   = "Nucl. Instrum. Meth.",
     volume    = "A520",
     year      = "2004",
     pages     = "125-131",
     doi       = "10.1016/j.nima.2003.11.273",
     SLACcitation  = "%%CITATION = NUIMA,A520,125;%%"
}





@article{DAYABAY,
     author    = "{Daya-Bay collaboration}",
  OPTcollaboration = "Daya-Bay",
     title     = "{A precision measurement of the neutrino mixing angle
                  theta(13) using  reactor antineutrinos at Daya Bay}",
     note= "(2007)",
     year      = "2007",
     eprint    = "hep-ex/0701029",
     archivePrefix = "arXiv",
     SLACcitation  = "%%CITATION = HEP-EX/0701029;%%"
}


@article{RENO,
     author    = "{RENO collaboration}",
     title     = "RENO: An Experiment for Neutrino Oscillation Parameter
                  $\theta_{13}$ Using Reactor Neutrinos at Yonggwang",
     OPTcollaboration = "RENO",
     year      = "(2010)",
     eprint    = "arXiv:1003.1391",
     archivePrefix = "arXiv",
     primaryClass  =  "hep-ex",
     SLACcitation  = "%%CITATION = 1003.1391;%%",
  	note="(2010)"
}

@Article{Bahcall,
  title = {Solar models, neutrino experiments, and helioseismology},
  author = {Bahcall, J.N. and Ulrich, R. K.},
  journal = {Rev. Mod. Phys.},
  volume = {60},
  number = {2},
  pages = {297--372},
  numpages = {75},
  year = {1988},
  month = {Apr},
  doi = {10.1103/RevModPhys.60.297},
  publisher = {American Physical Society},
  OPTnote = {Rev. Mod. Phys. 60 (1988) 297}
}

@Article{OttenWeinheimer,
     author    = "Otten, E. W. and Weinheimer, C.",
     title     = "{Neutrino mass limit from tritium beta decay}",
     journal   = "Rept. Prog. Phys.",
     volume    = "71",
     year      = "2008",
     pages     = "086201",
     eprint    = "0909.2104",
     archivePrefix = "arXiv",
     primaryClass  =  "hep-ex",
     doi       = "10.1088/0034-4885/71/8/086201",
     SLACcitation  = "%%CITATION = 0909.2104;%%"
}


@Article{Jonsell:1999aq,
     author    = "Jonsell, Svante and Saenz, Alejandro and Froelich, Piotr",
     title     = "{Neutrino-mass determination from tritium $\beta$ decay:
                  Corrections to and prospects of experimental verification
                  of the final-state spectrum}",
     journal   = "Phys. Rev.",
     volume    = "C60",
     year      = "1999",
     pages     = "034601",
     doi       = "10.1103/PhysRevC.60.034601",
     SLACcitation  = "%%CITATION = PHRVA,C60,034601;%%"
}


@Article{Klapdor2,
     author    = "Klapdor-Kleingrothaus, H. V. and Dietz, A. and Harney, H.
                  L. and Krivosheina, I. V.",
     title     = "{Evidence for Neutrinoless Double Beta Decay}",
     journal   = "Mod. Phys. Lett.",
     volume    = "A16",
     year      = "2001",
     pages     = "2409-2420",
     eprint    = "hep-ph/0201231",
     archivePrefix = "arXiv",
     doi       = "10.1142/S0217732301005825",
     SLACcitation  = "%%CITATION = HEP-PH/0201231;%%"
}


@Article{Aalseth,
     author    = "Aalseth, C. E. and others",
     title     = "{Comment on 'Evidence for Neutrinoless Double Beta
                  Decay'}",
     journal   = "Mod. Phys. Lett.",
     volume    = "A17",
     year      = "2002",
     pages     = "1475-1478",
     eprint    = "hep-ex/0202018",
     archivePrefix = "arXiv",
     doi       = "10.1142/S0217732302007715",
     SLACcitation  = "%%CITATION = HEP-EX/0202018;%%"
}

@Article{Klapdor3,
     author    = "Klapdor-Kleingrothaus, H. V. and Krivosheina, I. V.",
     title     = "{The evidence for the observation of 0nu beta beta decay:
                  The identification of 0nu beta beta events from the full
                  spectra}",
     journal   = "Mod. Phys. Lett.",
     volume    = "A21",
     year      = "2006",
     pages     = "1547-1566",
     doi       = "10.1142/S0217732306020937",
     SLACcitation  = "%%CITATION = MPLAE,A21,1547;%%"
}


@Article{Mainz2,
     author    = "Weinheimer, C. and others",
     title     = "{High precision measurement of the tritium beta spectrum
                  near its  endpoint and upper limit on the neutrino mass}",
     journal   = "Phys. Lett.",
     volume    = "B460",
     year      = "1999",
     pages     = "219-226",
     doi       = "10.1016/S0370-2693(99)00780-7",
     SLACcitation  = "%%CITATION = PHLTA,B460,219;%%"
}
@Article{Troitsk,
     author    = "Lobashev, V. M.",
     title     = "{The search for the neutrino mass by direct method in the
                  tritium beta-decay and perspectives of study it in the
                  project KATRIN}",
     journal   = "Nucl. Phys.",
     volume    = "A719",
     year      = "2003",
     pages     = "153-160",
     doi       = "10.1016/S0375-9474(03)00985-0",
     SLACcitation  = "%%CITATION = NUPHA,A719,153;%%"
}




@Article{Loredo,
     author    = "Loredo, Thomas J. and Lamb, Don Q.",
     title     = "{Bayesian analysis of neutrinos observed from supernova SN
                  1987A}",
     journal   = "Phys. Rev.",
     volume    = "D65",
     year      = "2002",
     pages     = "063002",
     eprint    = "astro-ph/0107260",
     archivePrefix = "arXiv",
     doi       = "10.1103/PhysRevD.65.063002",
     SLACcitation  = "%%CITATION = ASTRO-PH/0107260;%%"
}



@article{Doss2,
  title = 	     {Excitations to the electronic continuum of $^3HeT^+$ in investigations of the $T_2 \beta$-decay experiments},
  OPTyear = 	   {2008},
  OPTkey = 	 		 {},
  journal = 	 {J. Phys. B: At. Mol. Opt. Phys.},
  volume = 	 {41},
  OPTnumber = 	 {},
  pages = 	 {125701},
  OPTaddress = 	 {},
  year = 	 	 {2008},
  author = 	 		 {Doss, N. and Tennyson, J.},
  OPTnote = 		     {J. Phys. B: At. Mol. Opt. Phys. 41 (2008) 125701},
  OPTannote = 	 {}
}


Instrumentation and Methods for Astrophysics (astro-ph.IM); Cosmology and Extragalactic Astrophysics (astro-ph.CO); Galaxy Astrophysics (astro-ph.GA)
Cite as: 	arXiv:1101.2022v2 [astro-ph.IM]
@Article{Planck,
author={Ade, P.~A.~R. and others},
collaboration={Planck collaboration}, 
title = {Planck early results. I. The Planck
            mission},
	DOI= "10.1051/0004-6361/201116464",
	url= "http://dx.doi.org/10.1051/0004-6361/201116464",
	journal = {A\&A},
	year = 2011,
	volume = 536,
	pages = "A1",
	month = "",
}




@Article{itep,
     author    = "Boris, S. D. and others",
     title     = "{Neutrino Mass from the $\beta$ spectrum in the decay of tritium}",
     journal   = "Phys. Rev. Lett.",
     volume    = "58",
     year      = "1987",
     pages     = "2019-2022",
     doi       = "10.1103/PhysRevLett.58.2019",
     SLACcitation  = "%%CITATION = PRLTA,58,2019;%%"
}

@BOOK{Klapdor,
  title = {Teilchenastrophysik},
  publisher = {Teubner Studienb\"ucher Physik},
  year = {1997},
  author = {Klapdor-Kleingrothas, H.V. and Zuber, K.},
  address = {Stuttgart},
  OPTnote = {},
  OPTtimestamp = {2007.12.20}
}

@BOOK{GrotzKlapdor,
  title =  {Die schwache Wechselwirkung in Kern-, Teilchen- und Astrophysik  },
  publisher = {Teubner Studienb\"ucher Physik},
  year = {1989},
  author = 	 {Grotz, K. and Klapdor, H.V.},
  address = {Stuttgart},
  OPTnote = {},
}


@BOOK{Bergstroem,
  title =  {Cosmology and Particle Astrophysics },
  publisher = {Springer-Verlag},
  year = {2004},
  author = 	 {Bergstr\"om, L. and Goobar, A.},
  address = {Berlin},
  OPTnote = {},
}

@BOOK{Roos,
  title =  {Introduction to Cosmology },
  publisher = {John Wiley \& Sons, Ltd},
  year = {2003},
  author = 	 {Roos, M.},
  address = {Chichester},
  OPTnote = {},
}

@BOOK{NSchmitz,
  title =  {Neutrinophysik },
  publisher = {Teubner Studienb√É¬É√Ö¬ícher Physik},
  year = {1997},
  author = {Schmitz, N.},
  address = {Stuttgart},
  OPTnote = {},
}

@Book{GSL,
title={GNU Scientific Library Reference Manual (3rd Ed.)}, 
author={{Galassi, M.} and others}, 
publisher={Network Theory Ltd.},
ISBN={0954612078},
OPTurl={http://www.gnu.org/software/gsl/}
}






@ARTICLE{Otten94,
  author = {Otten, E.},
  title = {The Mainz Neutrino Mass Experiment},
  journal = {Prog. Part. Nucl. Phys},
  year = {1994},
  volume = {32},
  pages = {153-171}
}



@manual{PARTICLEZOO, 
author= {Peasley, J.}, 
title= {The particle zoo},
note= {\url{http://www.particlezoo.net/}}
}




@manual{DTReich, 
title ={Magnetfeldmessungen und Designarbeiten f\"ur das EMCS Luftspulensystem am KATRIN Hauptspektrometer}, 
author = {Reich, J.},
year={2009}, 
note={Diploma thesis, Universit\"at Karlsruhe (TH)}
}


@manual{AMERTENS, 
title ={}, 
author = {Mertens, A.},
year={2012}, 
note={Diploma thesis, Karlsruhe Institute of Technology, in preparation (in german) }
}

@manual{PHDSMERTENS, 
title ={}, 
author={Mertens, S},
year={2012},
note={PhD thesis, Karlsruhe Institute of Technology, (in preparation)}
}

@manual{RGr, 
title ={Konzeptionierung und Systematik der Hochspannungsversorgung f\"ur das KATRIN Experiment}, 
author = {Gr\"o{\ss}le, Robin},
year={2010}, 
note={Diploma thesis, Karlsruhe Institute of Technology, 2010}
}




